% This file was created with JabRef 2.10.
% Encoding: UTF-8

@book{brimicombe2009location,
  title={Location-based services and geo-information engineering},
  author={Brimicombe, Allan and Li, Chao},
  volume={21},
  year={2009},
  publisher={John Wiley \& Sons}
}

@inproceedings{feldmann2003indoor,
  title={An Indoor Bluetooth-Based Positioning System: Concept, Implementation and Experimental Evaluation.},
  author={Feldmann, Silke and Kyamakya, Kyandoghere and Zapater, Ana and Lue, Zighuo},
  booktitle={International Conference on Wireless Networks},
  pages={109--113},
  year={2003}
}

@book{heydon2012ble,
  title={Bluetooth Low Energy: The Developer's Handbook.},
  author={Heydon, Robin},
  publisher={Prentice Hall},
  year={2012},
  address={Upper Saddle River, NJ}
}

@Misc{tut01,
  Title                    = {Building an Android Beacon (Android iBeacon Tutorial Overview)},
  Author                   = {Sunny Gleason and Norvan Sahiner},
  HowPublished             = {Web},
  Note                     = {\url{https://www.pubnub.com/blog/2015-04-14-building-android-beacon-android-ibeacon-tutorial-overview/}},
  Year                     = {2015},
  Timestamp                = {April 14, 2015}
}