@online{ioslINavGitHub,
    author = {IoSL-INav team},
    urldate = {2016-02-09},
    year = {2016},
    month = {02},
    Title = {Project repository of IoSL-INav},
    url = {https://github.com/IoSL-INav/project}
}

@phdthesis{fielding2000architectural,
    title = {Architectural styles and the design of network-based software architectures},
    author = {Fielding, Roy Thomas},
    year = {2000},
    school = {University of California, Irvine},
    URL = {http://jpkc.fudan.edu.cn/picture/article/216/35/4b/22598d594e3d93239700ce79bce1/7ed3ec2a-03c2-49cb-8bf8-5a90ea42f523.pdf}
}